@book{Grafos,
  title={Fundamentos da Teoria dos Grafos para Computação},
  author= {Maria do Carmo Nicoletti;  Estevam R. Hruschka Júnior;},
  year={2017},
  publisher={LTC}
}

@misc{Perfil,
    title={Perfil curricular do curso de Ciência da Computação},
    author={Universidade Federal de Pernambuco},
    howpublished={Disponível em: \url{https://www.ufpe.br/documents/38970/411209/ciencia_computacao_perfil_2002.pdf/09862676-8330-4642-af94-6ec9e8607a62}},
    year={2002}
}

@misc{IF768,
    title={Página da Disciplina de Teoria de Grafos},
    author={Universidade Federal de Pernambuco},
    howpublished={Disponível em: \url{https://www.cin.ufpe.br/~graduacao/reforma/p_e_teoria_grafos.html}},
    year={2014}
}